<record><leader>00000cas a22000007a 4500</leader><controlfield tag="001">12367776</controlfield><controlfield tag="008">850809d18711875gauwr ne      0    0eng d</controlfield><datafield ind1=" " ind2=" " tag="010"><subfield code="a">sn 85034018 </subfield></datafield><datafield ind1=" " ind2=" " tag="040"><subfield code="a">NPU</subfield><subfield code="b">eng</subfield><subfield code="c">NPU</subfield><subfield code="d">NPX</subfield><subfield code="d">PPM</subfield><subfield code="d">NLG</subfield><subfield code="d">GUA</subfield><subfield code="d">OCLCQ</subfield><subfield code="d">OCLCF</subfield><subfield code="d">OCLCO</subfield></datafield><datafield ind1="1" ind2=" " tag="029"><subfield code="a">AU@</subfield><subfield code="b">000025837820</subfield></datafield><datafield ind1=" " ind2=" " tag="042"><subfield code="a">msc</subfield></datafield><datafield ind1=" " ind2=" " tag="043"><subfield code="a">n-us-ga</subfield></datafield><datafield ind1="0" ind2=" " tag="130"><subfield code="a">Standard and express (Cartersville, Ga. : 1871)</subfield></datafield><datafield ind1="1" ind2="4" tag="245"><subfield code="a">The standard and express.</subfield></datafield><datafield ind1=" " ind2=" " tag="260"><subfield code="a">Cartersville, Ga. :</subfield><subfield code="b">Samuel H. Smith &amp; Co.,</subfield><subfield code="c">[1871]-1875.</subfield></datafield><datafield ind1=" " ind2=" " tag="300"><subfield code="a">v. ;</subfield><subfield code="c">68 cm.</subfield></datafield><datafield ind1=" " ind2=" " tag="310"><subfield code="a">Weekly</subfield></datafield><datafield ind1="1" ind2=" " tag="362"><subfield code="a">Began in Dec. 1871.</subfield><subfield code="z">Cf. Gregory, W. Amer. newspapers.</subfield></datafield><datafield ind1="0" ind2=" " tag="362"><subfield code="a">-v. 16, no. 47 (Nov. 15, 1875).</subfield></datafield><datafield ind1=" " ind2=" " tag="530"><subfield code="a">Also on microfilm: Athens, Ga. : University of Georgia Libraries.</subfield></datafield><datafield ind1=" " ind2=" " tag="580"><subfield code="a">In the Planters' Advocate, v. 16, no. 48 (Nov. 22, 1875), the publisher said, "We this week change the name of our paper from the Standard and Express to the Planters' Advocate." However, on Dec. 2, 1875, v. 16, no. 48 of Cartersville Express said, "Standard and Express hereby announce to the public that they have this day sold the same to Mr. C.H.C. Willingham ... The paper will hereafter be known as The Cartersville Express."</subfield></datafield><datafield ind1=" " ind2=" " tag="588"><subfield code="a">Description based on: Vol. 1, no. 7 (Dec. 21, 1871).</subfield></datafield><datafield ind1=" " ind2="0" tag="651"><subfield code="a">Cartersville (Ga.)</subfield></datafield><datafield ind1=" " ind2="0" tag="651"><subfield code="a">Bartow County (Ga.)</subfield></datafield><datafield ind1=" " ind2="7" tag="651"><subfield code="a">Georgia</subfield><subfield code="z">Bartow County.</subfield><subfield code="2">fast</subfield><subfield code="0">(OCoLC)fst01214862</subfield></datafield><datafield ind1=" " ind2="7" tag="651"><subfield code="a">Georgia</subfield><subfield code="z">Cartersville.</subfield><subfield code="2">fast</subfield><subfield code="0">(OCoLC)fst01216881</subfield></datafield><datafield ind1=" " ind2=" " tag="752"><subfield code="a">United States</subfield><subfield code="b">Georgia</subfield><subfield code="c">Bartow</subfield><subfield code="d">Cartersville.</subfield></datafield><datafield ind1="0" ind2="0" tag="780"><subfield code="t">Weekly standard &amp; express</subfield><subfield code="w">(DLC)sn 88054129</subfield><subfield code="w">(OCoLC)20613487</subfield></datafield><datafield ind1="0" ind2="0" tag="785"><subfield code="t">Cartersville express (Cartersville, Ga. : 1875)</subfield><subfield code="w">(DLC)sn 85027043</subfield><subfield code="w">(OCoLC)12924352</subfield></datafield><datafield ind1="1" ind2=" " tag="787"><subfield code="a">Planters' advocate</subfield><subfield code="w">(DLC)sn 85027044</subfield><subfield code="w">(OCoLC)12924383</subfield></datafield></record>